@ARTICLE{2010MNRAS.401..791S,
   author = {{Springel}, V.},
    title = "{E pur si muove: Galilean-invariant cosmological hydrodynamical simulations on a moving mesh}",
  journal = {\mnras},
archivePrefix = "arXiv",
   eprint = {0901.4107},
 keywords = {methods: numerical, galaxies: interactions, cosmology: dark matter},
     year = 2010,
    month = jan,
   volume = 401,
    pages = {791-851},
      doi = {10.1111/j.1365-2966.2009.15715.x},
   adsurl = {http://adsabs.harvard.edu/abs/2010MNRAS.401..791S},
  adsnote = {Provided by the SAO/NASA Astrophysics Data System}
}
@ARTICLE{2016MNRAS.455.1134P,
   author = {{Pakmor}, R. and {Springel}, V. and {Bauer}, A. and {Mocz}, P. and 
	{Munoz}, D.~J. and {Ohlmann}, S.~T. and {Schaal}, K. and {Zhu}, C.
	},
    title = "{Improving the convergence properties of the moving-mesh code AREPO}",
  journal = {\mnras},
archivePrefix = "arXiv",
   eprint = {1503.00562},
 keywords = {hydrodynamics, methods: numerical, galaxy: formation},
     year = 2016,
    month = jan,
   volume = 455,
    pages = {1134-1143},
      doi = {10.1093/mnras/stv2380},
   adsurl = {http://adsabs.harvard.edu/abs/2016MNRAS.455.1134P},
  adsnote = {Provided by the SAO/NASA Astrophysics Data System}
}



@ARTICLE{2017MNRAS.467..179G,
   author = {{Grand}, R.~J.~J. and {G{\'o}mez}, F.~A. and {Marinacci}, F. and 
	{Pakmor}, R. and {Springel}, V. and {Campbell}, D.~J.~R. and 
	{Frenk}, C.~S. and {Jenkins}, A. and {White}, S.~D.~M.},
    title = "{The Auriga Project: the properties and formation mechanisms of disc galaxies across cosmic time}",
  journal = {\mnras},
archivePrefix = "arXiv",
   eprint = {1610.01159},
 keywords = {galaxies: evolution, galaxies: kinematics and dynamics, galaxies: spiral, galaxies: structure},
     year = 2017,
    month = may,
   volume = 467,
    pages = {179-207},
      doi = {10.1093/mnras/stx071},
   adsurl = {http://adsabs.harvard.edu/abs/2017MNRAS.467..179G},
  adsnote = {Provided by the SAO/NASA Astrophysics Data System}
}
@ARTICLE{2018arXiv180407798M,
   author = {{Monachesi}, A. and {G{\'o}mez}, F.~A. and {Grand}, R.~J.~J. and 
	{Simpson}, C.~M. and {Kauffmann}, G. and {Bustamante}, S. and 
	{Marinacci}, F. and {Pakmor}, R. and {Springel}, V. and {Frenk}, C.~S. and 
	{White}, S.~D.~M. and {Tissera}, P.~B.},
    title = "{The Auriga Stellar Haloes: Connecting stellar population properties with accretion and merging history}",
  journal = {ArXiv e-prints},
archivePrefix = "arXiv",
   eprint = {1804.07798},
 keywords = {Astrophysics - Astrophysics of Galaxies, Astrophysics - Cosmology and Nongalactic Astrophysics},
     year = 2018,
    month = apr,
   adsurl = {http://adsabs.harvard.edu/abs/2018arXiv180407798M},
  adsnote = {Provided by the SAO/NASA Astrophysics Data System}
}


@ARTICLE{2005MNRAS.364..367D,
   author = {{Diemand}, J. and {Madau}, P. and {Moore}, B.},
    title = "{The distribution and kinematics of early high-{$\sigma$} peaks in present-day haloes: implications for rare objects and old stellar populations}",
  journal = {\mnras},
   eprint = {astro-ph/0506615},
 keywords = {methods: N-body simulations, Galaxy: halo, Galaxy: kinematics and dynamics, galaxies: formation, galaxies: haloes, galaxies: star clusters},
     year = 2005,
    month = dec,
   volume = 364,
    pages = {367-383},
      doi = {10.1111/j.1365-2966.2005.09604.x},
   adsurl = {http://adsabs.harvard.edu/abs/2005MNRAS.364..367D},
  adsnote = {Provided by the SAO/NASA Astrophysics Data System}
}
@ARTICLE{2009ApJ...706L.192B,
   author = {{Boley}, A.~C. and {Lake}, G. and {Read}, J. and {Teyssier}, R.
	},
    title = "{Globular Cluster Formation Within a Cosmological Context}",
  journal = {\apjl},
archivePrefix = "arXiv",
   eprint = {0908.1254},
 keywords = {early universe, galaxies: star clusters, globular clusters: general},
     year = 2009,
    month = nov,
   volume = 706,
    pages = {L192-L196},
      doi = {10.1088/0004-637X/706/1/L192},
   adsurl = {http://adsabs.harvard.edu/abs/2009ApJ...706L.192B},
  adsnote = {Provided by the SAO/NASA Astrophysics Data System}
}


@ARTICLE{2006ARA&A..44..193B,
   author = {{Brodie}, J.~P. and {Strader}, J.},
    title = "{Extragalactic Globular Clusters and Galaxy Formation}",
  journal = {\araa},
   eprint = {astro-ph/0602601},
     year = 2006,
    month = sep,
   volume = 44,
    pages = {193-267},
      doi = {10.1146/annurev.astro.44.051905.092441},
   adsurl = {http://adsabs.harvard.edu/abs/2006ARA%26A..44..193B},
  adsnote = {Provided by the SAO/NASA Astrophysics Data System}
}


@ARTICLE{1985ApJ...293..424Z,
   author = {{Zinn}, R.},
    title = "{The globular cluster system of the galaxy. IV - The halo and disk subsystems}",
  journal = {\apj},
 keywords = {Galactic Structure, Globular Clusters, Metallicity, Milky Way Galaxy, Stellar Composition, Angular Velocity, Ellipticity, Histograms, Radial Velocity, Stellar Luminosity, Subdwarf Stars, Variable Stars},
     year = 1985,
    month = jun,
   volume = 293,
    pages = {424-444},
      doi = {10.1086/163249},
   adsurl = {http://adsabs.harvard.edu/abs/1985ApJ...293..424Z},
  adsnote = {Provided by the SAO/NASA Astrophysics Data System}
}
@ARTICLE{1999AJ....118.1526G,
   author = {{Gebhardt}, K. and {Kissler-Patig}, M.},
    title = "{Globular Cluster Systems. I. V-I Color Distributions}",
  journal = {\aj},
   eprint = {astro-ph/9906499},
 keywords = {GALAXIES: ELLIPTICAL AND LENTICULAR, CD, GALAXIES: STAR CLUSTERS},
     year = 1999,
    month = oct,
   volume = 118,
    pages = {1526-1541},
      doi = {10.1086/301059},
   adsurl = {http://adsabs.harvard.edu/abs/1999AJ....118.1526G},
  adsnote = {Provided by the SAO/NASA Astrophysics Data System}
}
@ARTICLE{2001AJ....121.2974L,
   author = {{Larsen}, S.~S. and {Brodie}, J.~P. and {Huchra}, J.~P. and 
	{Forbes}, D.~A. and {Grillmair}, C.~J.},
    title = "{Properties of Globular Cluster Systems in Nearby Early-Type Galaxies}",
  journal = {\aj},
   eprint = {astro-ph/0102374},
 keywords = {Galaxies: Elliptical and Lenticular, cD, Galaxies: Evolution, Galaxies: Star Clusters},
     year = 2001,
    month = jun,
   volume = 121,
    pages = {2974-2998},
      doi = {10.1086/321081},
   adsurl = {http://adsabs.harvard.edu/abs/2001AJ....121.2974L},
  adsnote = {Provided by the SAO/NASA Astrophysics Data System}
}
@ARTICLE{2006ApJ...639...95P,
   author = {{Peng}, E.~W. and {Jord{\'a}n}, A. and {C{\^o}t{\'e}}, P. and 
	{Blakeslee}, J.~P. and {Ferrarese}, L. and {Mei}, S. and {West}, M.~J. and 
	{Merritt}, D. and {Milosavljevi{\'c}}, M. and {Tonry}, J.~L.
	},
    title = "{The ACS Virgo Cluster Survey. IX. The Color Distributions of Globular Cluster Systems in Early-Type Galaxies}",
  journal = {\apj},
   eprint = {astro-ph/0509654},
 keywords = {Galaxies: Elliptical and Lenticular, cD, Galaxies: Evolution, Galaxies: Star Clusters, Galaxy: Globular Clusters: General},
     year = 2006,
    month = mar,
   volume = 639,
    pages = {95-119},
      doi = {10.1086/498210},
   adsurl = {http://adsabs.harvard.edu/abs/2006ApJ...639...95P},
  adsnote = {Provided by the SAO/NASA Astrophysics Data System}
}



@ARTICLE{1996AJ....112.1487H,
   author = {{Harris}, W.~E.},
    title = "{A Catalog of Parameters for Globular Clusters in the Milky Way}",
  journal = {\aj},
 keywords = {GLOBULAR CLUSTERS: GENERAL, CATALOGS},
     year = 1996,
    month = oct,
   volume = 112,
    pages = {1487},
      doi = {10.1086/118116},
   adsurl = {http://esoads.eso.org/abs/1996AJ....112.1487H},
  adsnote = {Provided by the SAO/NASA Astrophysics Data System}
}
@ARTICLE{2013ApJ...775..134V,
   author = {{VandenBerg}, D.~A. and {Brogaard}, K. and {Leaman}, R. and 
	{Casagrande}, L.},
    title = "{The Ages of 55 Globular Clusters as Determined Using an Improved $\backslash$Delta V\^{}HB\_TO Method along with Color-Magnitude Diagram Constraints, and Their Implications for Broader Issues}",
  journal = {\apj},
archivePrefix = "arXiv",
   eprint = {1308.2257},
 primaryClass = "astro-ph.GA",
 keywords = {globular clusters: general, stars: abundances, stars: evolution, stars: interiors, stars: Population II},
     year = 2013,
    month = oct,
   volume = 775,
      eid = {134},
    pages = {134},
      doi = {10.1088/0004-637X/775/2/134},
   adsurl = {http://adsabs.harvard.edu/abs/2013ApJ...775..134V},
  adsnote = {Provided by the SAO/NASA Astrophysics Data System}
}



@ARTICLE{1992ApJ...384...50A,
   author = {{Ashman}, K.~M. and {Zepf}, S.~E.},
    title = "{The formation of globular clusters in merging and interacting galaxies}",
  journal = {\apj},
 keywords = {Galactic Clusters, Globular Clusters, Star Formation, Disk Galaxies, Elliptical Galaxies, Metallicity},
     year = 1992,
    month = jan,
   volume = 384,
    pages = {50-61},
      doi = {10.1086/170850},
   adsurl = {http://adsabs.harvard.edu/abs/1992ApJ...384...50A},
  adsnote = {Provided by the SAO/NASA Astrophysics Data System}
}
@INPROCEEDINGS{1987nngp.proc...18S,
   author = {{Schweizer}, F.},
    title = "{Star formation in colliding and merging galaxies}",
 keywords = {Galactic Evolution, Gravitational Effects, Interacting Galaxies, Star Formation, Starburst Galaxies, Galactic Mass, Infrared Astronomy Satellite, Molecular Clouds, Star Distribution, Star Formation Rate},
booktitle = {Nearly Normal Galaxies. From the Planck Time to the Present},
     year = 1987,
   editor = {{Faber}, S.~M.},
    pages = {18-25},
   adsurl = {http://adsabs.harvard.edu/abs/1987nngp.proc...18S},
  adsnote = {Provided by the SAO/NASA Astrophysics Data System}
}



@ARTICLE{1997AJ....113.1652F,
   author = {{Forbes}, D.~A. and {Brodie}, J.~P. and {Grillmair}, C.~J.},
    title = "{On the Origin of Globular Clusters in Elliptical and cD Galaxies}",
  journal = {\aj},
   eprint = {astro-ph/9702146},
 keywords = {GALAXIES: EVOLUTION, GLOBULAR CLUSTERS: GENERAL, GALAXIES: CD},
     year = 1997,
    month = may,
   volume = 113,
    pages = {1652},
      doi = {10.1086/118382},
   adsurl = {http://adsabs.harvard.edu/abs/1997AJ....113.1652F},
  adsnote = {Provided by the SAO/NASA Astrophysics Data System}
}
@ARTICLE{2002MNRAS.333..383B,
   author = {{Beasley}, M.~A. and {Baugh}, C.~M. and {Forbes}, D.~A. and 
	{Sharples}, R.~M. and {Frenk}, C.~S.},
    title = "{On the formation of globular cluster systems in a hierarchical Universe}",
  journal = {\mnras},
   eprint = {astro-ph/0202191},
 keywords = {galaxies: elliptical and lenticular, cD, galaxies: evolution, galaxies: formation, galaxies: star clusters},
     year = 2002,
    month = jun,
   volume = 333,
    pages = {383-399},
      doi = {10.1046/j.1365-8711.2002.05402.x},
   adsurl = {http://adsabs.harvard.edu/abs/2002MNRAS.333..383B},
  adsnote = {Provided by the SAO/NASA Astrophysics Data System}
}



@ARTICLE{2005ApJ...623..650K,
   author = {{Kravtsov}, A.~V. and {Gnedin}, O.~Y.},
    title = "{Formation of Globular Clusters in Hierarchical Cosmology}",
  journal = {\apj},
   eprint = {astro-ph/0305199},
 keywords = {Cosmology: Theory, Galaxies: Formation, Galaxies: Star Clusters, Galaxy: Globular Clusters: General, Methods: Numerical},
     year = 2005,
    month = apr,
   volume = 623,
    pages = {650-665},
      doi = {10.1086/428636},
   adsurl = {http://adsabs.harvard.edu/abs/2005ApJ...623..650K},
  adsnote = {Provided by the SAO/NASA Astrophysics Data System}
}
@ARTICLE{2014ApJ...796...10L,
   author = {{Li}, H. and {Gnedin}, O.~Y.},
    title = "{Modeling the Formation of Globular Cluster Systems in the Virgo Cluster}",
  journal = {\apj},
archivePrefix = "arXiv",
   eprint = {1405.0763},
 keywords = {galaxies: formation, galaxies: star clusters: general, globular clusters: general},
     year = 2014,
    month = nov,
   volume = 796,
      eid = {10},
    pages = {10},
      doi = {10.1088/0004-637X/796/1/10},
   adsurl = {http://adsabs.harvard.edu/abs/2014ApJ...796...10L},
  adsnote = {Provided by the SAO/NASA Astrophysics Data System}
}



@ARTICLE{1998ApJ...501..554C,
   author = {{C{\^o}t{\'e}}, P. and {Marzke}, R.~O. and {West}, M.~J.},
    title = "{The Formation of Giant Elliptical Galaxies and Their Globular Cluster Systems}",
  journal = {\apj},
   eprint = {astro-ph/9804319},
 keywords = {GALAXIES: CLUSTERS: GENERAL, GALAXIES: ELLIPTICAL AND LENTICULAR, CD, GALAXIES: INTERACTIONS, GALAXIES: STAR CLUSTERS, Galaxies: Clusters: General, Galaxies: Elliptical and Lenticular, cD, Galaxies: Interactions, Galaxies: Star Clusters},
     year = 1998,
    month = jul,
   volume = 501,
    pages = {554-570},
      doi = {10.1086/305838},
   adsurl = {http://adsabs.harvard.edu/abs/1998ApJ...501..554C},
  adsnote = {Provided by the SAO/NASA Astrophysics Data System}
}
@ARTICLE{2013ApJ...762...39T,
   author = {{Tonini}, C.},
    title = "{The Metallicity Bimodality of Globular Cluster Systems: A Test of Galaxy Assembly and of the Evolution of the Galaxy Mass-Metallicity Relation}",
  journal = {\apj},
archivePrefix = "arXiv",
   eprint = {1211.1434},
 keywords = {galaxies: evolution, galaxies: formation, galaxies: star clusters: general, galaxies: stellar content, galaxies: structure, globular clusters: general},
     year = 2013,
    month = jan,
   volume = 762,
      eid = {39},
    pages = {39},
      doi = {10.1088/0004-637X/762/1/39},
   adsurl = {http://adsabs.harvard.edu/abs/2013ApJ...762...39T},
  adsnote = {Provided by the SAO/NASA Astrophysics Data System}
}



@ARTICLE{2017MNRAS.465.3622R,
   author = {{Renaud}, F. and {Agertz}, O. and {Gieles}, M.},
    title = "{The origin of the Milky Way globular clusters}",
  journal = {\mnras},
archivePrefix = "arXiv",
   eprint = {1610.03101},
 keywords = {methods: numerical, galaxies: formation, galaxies: star clusters: general},
     year = 2017,
    month = mar,
   volume = 465,
    pages = {3622-3636},
      doi = {10.1093/mnras/stw2969},
   adsurl = {http://adsabs.harvard.edu/abs/2017MNRAS.465.3622R},
  adsnote = {Provided by the SAO/NASA Astrophysics Data System}
}



@ARTICLE{2018MNRAS.475.4309P,
   author = {{Pfeffer}, J. and {Kruijssen}, J.~M.~D. and {Crain}, R.~A. and 
	{Bastian}, N.},
    title = "{The E-MOSAICS project: simulating the formation and co-evolution of galaxies and their star cluster populations}",
  journal = {\mnras},
archivePrefix = "arXiv",
   eprint = {1712.00019},
 keywords = {methods: numerical, stars: formation, globular clusters: general, galaxies: evolution, galaxies: formation, galaxies: star clusters: general},
     year = 2018,
    month = apr,
   volume = 475,
    pages = {4309-4346},
      doi = {10.1093/mnras/stx3124},
   adsurl = {http://adsabs.harvard.edu/abs/2018MNRAS.475.4309P},
  adsnote = {Provided by the SAO/NASA Astrophysics Data System}
}

@ARTICLE{2018MNRAS.479..200F,
   author = {{Fernandez}, R. and {Bryan}, G.~L.},
    title = "{Slow cooling in low-metallicity clouds: an origin of globular cluster bimodality?}",
  journal = {\mnras},
archivePrefix = "arXiv",
   eprint = {1806.11163},
 keywords = {methods: numerical, globular cluster: general},
     year = 2018,
    month = sep,
   volume = 479,
    pages = {200-210},
      doi = {10.1093/mnras/sty1361},
   adsurl = {http://adsabs.harvard.edu/abs/2018MNRAS.479..200F},
  adsnote = {Provided by the SAO/NASA Astrophysics Data System}
}



@ARTICLE{2018A&A...616A..12G,
   author = {{Gaia Collaboration} and {Helmi}, A. and {van Leeuwen}, F. and 
	{McMillan}, P.~J. and {Massari}, D. and {Antoja}, T. and {Robin}, A.~C. and 
	{Lindegren}, L. and {Bastian}, U. and {Arenou}, F. and et al.},
    title = "{Gaia Data Release 2. Kinematics of globular clusters and dwarf galaxies around the Milky Way}",
  journal = {\aap},
archivePrefix = "arXiv",
   eprint = {1804.09381},
 keywords = {Galaxy: kinematics and dynamics, astrometry, globular clusters: general, galaxies: dwarf, Local Group, Magellanic Clouds},
     year = 2018,
    month = aug,
   volume = 616,
      eid = {A12},
    pages = {A12},
      doi = {10.1051/0004-6361/201832698},
   adsurl = {http://adsabs.harvard.edu/abs/2018A%26A...616A..12G},
  adsnote = {Provided by the SAO/NASA Astrophysics Data System}
}
@ARTICLE{2018ApJ...859L..13B,
   author = {{Bose}, S. and {Ginsburg}, I. and {Loeb}, A.},
    title = "{Dating the Tidal Disruption of Globular Clusters with GAIA Data on Their Stellar Streams}",
  journal = {\apjl},
archivePrefix = "arXiv",
   eprint = {1804.07770},
 keywords = {globular clusters: general, methods: numerical, proper motions},
     year = 2018,
    month = may,
   volume = 859,
      eid = {L13},
    pages = {L13},
      doi = {10.3847/2041-8213/aac48c},
   adsurl = {http://adsabs.harvard.edu/abs/2018ApJ...859L..13B},
  adsnote = {Provided by the SAO/NASA Astrophysics Data System}
}



@ARTICLE{2018ApJ...861...69C,
   author = {{Carlberg}, R.~G.},
    title = "{Globular Clusters in a Cosmological N-body Simulation}",
  journal = {\apj},
archivePrefix = "arXiv",
   eprint = {1706.01938},
 keywords = {dark matter, Galaxy: halo, globular clusters: general, stars: black holes},
     year = 2018,
    month = jul,
   volume = 861,
      eid = {69},
    pages = {69},
      doi = {10.3847/1538-4357/aac88a},
   adsurl = {http://adsabs.harvard.edu/abs/2018ApJ...861...69C},
  adsnote = {Provided by the SAO/NASA Astrophysics Data System}
}



@ARTICLE{2018MNRAS.474.4232K,
   author = {{Kim}, J.-h. and {Ma}, X. and {Grudi{\'c}}, M.~Y. and {Hopkins}, P.~F. and 
	{Hayward}, C.~C. and {Wetzel}, A. and {Faucher-Gigu{\`e}re}, C.-A. and 
	{Kere{\v s}}, D. and {Garrison-Kimmel}, S. and {Murray}, N.},
    title = "{Formation of globular cluster candidates in merging proto-galaxies at high redshift: a view from the FIRE cosmological simulations}",
  journal = {\mnras},
archivePrefix = "arXiv",
   eprint = {1704.02988},
 keywords = {stars: formation, globular clusters: general, galaxies: formation, galaxies: kinematics and dynamics, galaxies: star clusters: general, cosmology: theory},
     year = 2018,
    month = mar,
   volume = 474,
    pages = {4232-4244},
      doi = {10.1093/mnras/stx2994},
   adsurl = {http://adsabs.harvard.edu/abs/2018MNRAS.474.4232K},
  adsnote = {Provided by the SAO/NASA Astrophysics Data System}
}


@ARTICLE{2018MNRAS.474.2479B,
   author = {{Balbinot}, E. and {Gieles}, M.},
    title = "{The devil is in the tails: the role of globular cluster mass evolution on stream properties}",
  journal = {\mnras},
archivePrefix = "arXiv",
   eprint = {1702.02543},
 keywords = {globular clusters: general, Galaxy: structure},
     year = 2018,
    month = feb,
   volume = 474,
    pages = {2479-2492},
      doi = {10.1093/mnras/stx2708},
   adsurl = {http://adsabs.harvard.edu/abs/2018MNRAS.474.2479B},
  adsnote = {Provided by the SAO/NASA Astrophysics Data System}
}



@ARTICLE{2018MNRAS.480.2343C,
   author = {{Choksi}, N. and {Gnedin}, O.~Y. and {Li}, H.},
    title = "{Formation of globular cluster systems: from dwarf galaxies to giants}",
  journal = {\mnras},
archivePrefix = "arXiv",
   eprint = {1801.03515},
 keywords = {globular clusters: general, galaxies: formation, galaxies: star clusters: general},
     year = 2018,
    month = oct,
   volume = 480,
    pages = {2343-2356},
      doi = {10.1093/mnras/sty1952},
   adsurl = {http://adsabs.harvard.edu/abs/2018MNRAS.480.2343C},
  adsnote = {Provided by the SAO/NASA Astrophysics Data System}
}


@ARTICLE{2018MNRAS.479..332B,
   author = {{Boylan-Kolchin}, M.},
    title = "{The Little Engines That Could? Globular clusters contribute significantly to reionization-era star formation}",
  journal = {\mnras},
archivePrefix = "arXiv",
   eprint = {1711.00009},
 keywords = {globular clusters: general, galaxies: formation, dark ages, reionization, first stars},
     year = 2018,
    month = sep,
   volume = 479,
    pages = {332-340},
      doi = {10.1093/mnras/sty1490},
   adsurl = {http://adsabs.harvard.edu/abs/2018MNRAS.479..332B},
  adsnote = {Provided by the SAO/NASA Astrophysics Data System}
}



@ARTICLE{2018MNRAS.478.2461G,
   author = {{Gieles}, M. and {Charbonnel}, C. and {Krause}, M.~G.~H. and 
	{H{\'e}nault-Brunet}, V. and {Agertz}, O. and {Lamers}, H.~J.~G.~L.~M. and 
	{Bastian}, N. and {Gualandris}, A. and {Zocchi}, A. and {Petts}, J.~A.
	},
    title = "{Concurrent formation of supermassive stars and globular clusters: implications for early self-enrichment}",
  journal = {\mnras},
archivePrefix = "arXiv",
   eprint = {1804.04682},
 keywords = {stars: abundances, stars: black holes, stars: kinematics and dynamics, supergiants, globular clusters: general, galaxies: star clusters: general},
     year = 2018,
    month = aug,
   volume = 478,
    pages = {2461-2479},
      doi = {10.1093/mnras/sty1059},
   adsurl = {http://adsabs.harvard.edu/abs/2018MNRAS.478.2461G},
  adsnote = {Provided by the SAO/NASA Astrophysics Data System}
}



@ARTICLE{2018ApJ...861..148M,
   author = {{Mandelker}, N. and {van Dokkum}, P.~G. and {Brodie}, J.~P. and 
	{van den Bosch}, F.~C. and {Ceverino}, D.},
    title = "{Cold Filamentary Accretion and the Formation of Metal-poor Globular Clusters and Halo Stars}",
  journal = {\apj},
archivePrefix = "arXiv",
   eprint = {1711.09108},
 keywords = {galaxies: formation, globular clusters: general, instabilities},
     year = 2018,
    month = jul,
   volume = 861,
      eid = {148},
    pages = {148},
      doi = {10.3847/1538-4357/aaca98},
   adsurl = {http://adsabs.harvard.edu/abs/2018ApJ...861..148M},
  adsnote = {Provided by the SAO/NASA Astrophysics Data System}
}


@ARTICLE{2018MNRAS.477..480Z,
   author = {{Zick}, T.~O. and {Weisz}, D.~R. and {Boylan-Kolchin}, M.},
    title = "{Globular clusters in high-redshift dwarf galaxies: a case study from the Local Group}",
  journal = {\mnras},
archivePrefix = "arXiv",
   eprint = {1802.06801},
 keywords = {globular clusters: general, galaxies: high-redshift, Local Group},
     year = 2018,
    month = jun,
   volume = 477,
    pages = {480-490},
      doi = {10.1093/mnras/sty662},
   adsurl = {http://adsabs.harvard.edu/abs/2018MNRAS.477..480Z},
  adsnote = {Provided by the SAO/NASA Astrophysics Data System}
}



@ARTICLE{2017arXiv170804542P,
   author = {{Peebles}, P.~J.~E.},
    title = "{Dynamics of the Local Group: the Outer Galactic Globular Star Clusters}",
  journal = {ArXiv e-prints},
archivePrefix = "arXiv",
   eprint = {1708.04542},
 keywords = {Astrophysics - Astrophysics of Galaxies},
     year = 2017,
    month = aug,
   adsurl = {http://adsabs.harvard.edu/abs/2017arXiv170804542P},
  adsnote = {Provided by the SAO/NASA Astrophysics Data System}
}


